<?xml version="1.0" encoding="UTF-8"?><collection xmlns="http://www.loc.gov/MARC21/slim"><record><leader>00462nam--2200169-i-4500</leader><controlfield tag="001">000013486</controlfield><controlfield tag="002">20161230</controlfield><controlfield tag="005">20161230201030</controlfield><controlfield tag="008">060222s1000------------r-----000-0-eng-d</controlfield><datafield ind1=" " ind2=" " tag="040"><subfield code="a">IFIN-HH</subfield></datafield><datafield ind1=" " ind2=" " tag="080"><subfield code="a">533.9:537.84</subfield></datafield><datafield ind1="1" ind2=" " tag="100"><subfield code="a">Chakraborty,Bishwanath</subfield></datafield><datafield ind1="1" ind2="0" tag="245"><subfield code="a">Principles of plasma mechanics</subfield><subfield code="c">Bishwanath chakroborty</subfield></datafield><datafield ind1=" " ind2=" " tag="260"><subfield code="a">New Delhi</subfield><subfield code="b">Wiley Bastern Limited</subfield><subfield code="c">1978</subfield></datafield><datafield ind1=" " ind2=" " tag="300"><subfield code="a">VIII + 410P</subfield></datafield><datafield ind1=" " ind2=" " tag="852"><subfield code="a">48892</subfield><subfield code="c">533.9</subfield></datafield><datafield ind1=" " ind2=" " tag="CAT"><subfield code="a">Sys</subfield><subfield code="c">20160315</subfield><subfield code="h">142425</subfield></datafield></record></collection>